<?xml version='1.0' encoding='utf-8'?>
<record xmlns="http://www.loc.gov/MARC21/slim" xmlns:xsi="http://www.w3.org/2001/XMLSchema-instance">
  <leader>00000ngm^a22003017a^4500</leader>
  <controlfield tag="001">009381357</controlfield>
  <controlfield tag="005">20121008133650.0</controlfield>
  <controlfield tag="007">vd^mvaizu</controlfield>
  <controlfield tag="008">090209t20092008miu111^^^^^^^^^^^^vleng^d</controlfield>
  <datafield tag="035" ind1=" " ind2=" ">
    <subfield code="a">(OCoLC)706044807</subfield>
  </datafield>
  <datafield tag="040" ind1=" " ind2=" ">
    <subfield code="a">MiU-H</subfield>
    <subfield code="c">MiU-H</subfield>
  </datafield>
  <datafield tag="043" ind1=" " ind2=" ">
    <subfield code="a">n-us-mi</subfield>
  </datafield>
  <datafield tag="245" ind1="0" ind2="4">
    <subfield code="a">The Salem train wreck of 1907</subfield>
    <subfield code="h">[videorecording (DVD)] :</subfield>
    <subfield code="b">joy &amp; despair in the days of an all-too-common tragedy /</subfield>
    <subfield code="c">by Al Smitley &amp; Fred Shadko.</subfield>
  </datafield>
  <datafield tag="246" ind1="1" ind2=" ">
    <subfield code="i">Title from disk label :</subfield>
    <subfield code="a">Great Salem train wreck of 1907</subfield>
  </datafield>
  <datafield tag="260" ind1=" " ind2=" ">
    <subfield code="a">[Michigan? :</subfield>
    <subfield code="b">All Custom Video?],</subfield>
    <subfield code="c">c2008, c2009.</subfield>
  </datafield>
  <datafield tag="300" ind1=" " ind2=" ">
    <subfield code="a">1 videodisc (111 min.) :</subfield>
    <subfield code="b">sd., b&amp;w, col. ;</subfield>
    <subfield code="c">4 3/4 in.</subfield>
  </datafield>
  <datafield tag="306" ind1=" " ind2=" ">
    <subfield code="a">015100</subfield>
  </datafield>
  <datafield tag="508" ind1=" " ind2=" ">
    <subfield code="a">Edited and scored by Fred Shadko.</subfield>
  </datafield>
  <datafield tag="511" ind1="0" ind2=" ">
    <subfield code="a">Researched and written: Al Smitley ; edited, narrated and scored: Fred Shadko</subfield>
  </datafield>
  <datafield tag="520" ind1=" " ind2=" ">
    <subfield code="a">"Early on a pleasant summer morning in 1907, several hundred employees of the Pere Marquette Railroad Shops of Ionia, Michigan, boarded an eleven-coach train with friends and relatives for their annual company outing to Detroit. Minutes after passing through Salem's depot, however, the day's journey came to a sudden and tragic end in Northville Township. The story of how light hearts turned heavy with grief is woven into the fabric of early 20th century life, amid the Detroit Tiger's first pennant drive. Researched and written by Al Smitley, the account is narrated and produced onto DVD by Fred Shadko."--Container.</subfield>
  </datafield>
  <datafield tag="538" ind1=" " ind2=" ">
    <subfield code="a">DVD.</subfield>
  </datafield>
  <datafield tag="500" ind1=" " ind2=" ">
    <subfield code="a">"Copyright 2009 Al Smitley and Fred Shadko."--Disk label. Copyright on disk and container: 2008.</subfield>
  </datafield>
  <datafield tag="505" ind1="1" ind2=" ">
    <subfield code="a">Pt 1. 1900-July 19, 1907: pleasures &amp; hardships of early 20th century life -- pt. 2 July 20, 1907: the day light hearts turned turned heavy with grief -- pt. 3 July 21 - August 2, 1908[sic] [:] a town draped in black, an inquest, &amp; a pennant race -- p. 4 August 4, 1907 and beyond [:] triumph, disappointment &amp; reflections in the sands of time -- Credits, 2008, Earldia [Pixley] interview.</subfield>
  </datafield>
  <datafield tag="650" ind1=" " ind2="0">
    <subfield code="a">Railroad accidents</subfield>
    <subfield code="z">Michigan</subfield>
    <subfield code="z">Northville (Township)</subfield>
    <subfield code="y">20th century.</subfield>
  </datafield>
  <datafield tag="610" ind1="2" ind2="0">
    <subfield code="a">Pere Marquette Railroad</subfield>
    <subfield code="x">History</subfield>
    <subfield code="y">20th century.</subfield>
  </datafield>
  <datafield tag="651" ind1=" " ind2="0">
    <subfield code="a">Salem (Washtenaw County, Mich. : Township)</subfield>
    <subfield code="x">History</subfield>
    <subfield code="y">20th century.</subfield>
  </datafield>
  <datafield tag="651" ind1=" " ind2="0">
    <subfield code="a">Ionia (Mich.)</subfield>
    <subfield code="x">History</subfield>
    <subfield code="y">20th century.</subfield>
  </datafield>
  <datafield tag="700" ind1="1" ind2=" ">
    <subfield code="a">Smitley, Al.</subfield>
  </datafield>
  <datafield tag="700" ind1="1" ind2=" ">
    <subfield code="a">Shadko, Fred.</subfield>
  </datafield>
  <datafield tag="852" ind1="8" ind2=" ">
    <subfield code="a">MiU-H</subfield>
    <subfield code="b">BENT</subfield>
    <subfield code="h">2011014 Aa 2</subfield>
  </datafield>
  <datafield tag="997" ind1=" " ind2=" ">
    <subfield code="a">MARS</subfield>
  </datafield>
  <datafield tag="998" ind1=" " ind2=" ">
    <subfield code="c">OV</subfield>
  </datafield>
  <datafield tag="955" ind1=" " ind2=" ">
    <subfield code="b">BENT</subfield>
    <subfield code="p">B4495381</subfield>
  </datafield>
</record>
